=LDR  01229cam a2200265 c 4500
=001  990103394184702202
=005  20230313075814.0
=007  cr||||||||||||
=007  ta
=008  110921s2001\\\\no#|||||\|||||000|1|nob|\
=020  \\$a8210046292$qh.$cNkr 79.00
=080  \\$a839.82
=082  74$a839.823$qNO-OsNB$24/nor
=100  1\$aRenberg, Tore$d1972-$1http://viaf.org/viaf/34565761$4aut$4http://rdaregistry.info/Elements/w/object/P10061
=240  13$aEn god tid : erindringer fra fremtiden : en kjærlighetsroman fra den tid som skal komme, til minne om den tid som har vært$1https://viaf.org/viaf/34565761/erindringer/fremtiden
=245  13$aEn god tid :$berindringer fra fremtiden : en kjærlighetsroman fra den tid som skal komme, til minne om den tid som har vært$cTore Renberg
=260  \\$aOslo$bTiden$c2001
=300  \\$a238 s.
=336  \\$atext$2rdacontent$0http://rdaregistry.info/termList/RDAContentType/1020
=337  \\$aunmediated$2rdamedia$0http://rdaregistry.info/termList/RDAMediaType/1007
=338  \\$avolume$2rdacarrier$0http://rdaregistry.info/termList/RDACarrierType/1049
=490  1\$aTidens pocketutgave
=500  \\$a1. utg. 2000
=500  \\$aUndertittel på ryggen: Roman
=830  \0$aTidens pocketutgave

