=LDR  00988caa a2200193 c 4500
=001  990106445204702202
=005  20190130095432.0
=007  ta
=008  130806s1998\\\\xx#|||||||||||000|u|nob|d
=100  1\$aRenberg, Tore$d1972-$1http://viaf.org/viaf/34565761$4aut$4http://rdaregistry.info/Elements/w/object/P10061
=240  10$aDet er langt til helvete for den som ikke vil dit$1http://viaf.org/viaf/34565761/langt/helvete
=245  10$aDet er langt til helvete for den som ikke vil dit :$bom Inger Hagerup$cTore Renberg
=260  \\$c1998
=300  \\$as. 64-81
=336  \\$atext$2rdacontent$0http://rdaregistry.info/termList/RDAContentType/1020
=337  \\$aunmediated$2rdamedia$0http://rdaregistry.info/termList/RDAMediaType/1007
=338  \\$avolume$2rdacarrier$0http://rdaregistry.info/termList/RDACarrierType/1049
=600  17$aHagerup, Inger$d1905-1985$0(NO-TrBIB)90534304$2bare$1http://viaf.org/viaf/74661518
=773  0\$tOg ordet ble ord$dOslo : Aschehoug, c1998$z8203178367$w999810729094702201

