=LDR  01073cam a2200277 c 4500
=001  990401506314702202
=005  20230303090706.0
=007  cr||||||||||||
=007  ta
=008  110826s2004\\\\no#|||||\|||||000|1|nob|\
=020  \\$a8249502191$qh.$cNkr 98.00
=020  \\$a9788249502196$qh.
=080  \\$a839.6
=082  74$a839.823$qNO-OsNB$25/nor
=100  1\$aRenberg, Tore$d1972-$1http://viaf.org/viaf/34565761$4aut$4http://rdaregistry.info/Elements/w/object/P10061
=240  10$aMannen som elsket Yngve$1http://viaf.org/viaf/5930152502773210800007
=245  10$aMannen som elsket Yngve :$broman$cTore Renberg
=260  \\$a[Oslo]$bOktober$c2004
=300  \\$a381 s.
=336  \\$atext$2rdacontent$0http://rdaregistry.info/termList/RDAContentType/1020
=337  \\$aunmediated$2rdamedia$0http://rdaregistry.info/termList/RDAMediaType/1007
=338  \\$avolume$2rdacarrier$0http://rdaregistry.info/termList/RDACarrierType/1049
=490  1\$aOktober pocket
=500  \\$a1. utg. 2003
=500  \\$aFra 5. oppl. 2006 med både 10- og 13-sifret ISBN
=830  \0$aOktober pocket

