=LDR  01060cam a2200229 c 4500
=001  990413210814702202
=005  20160622112132.0
=007  ta
=008  130424s2004\\\\xx#|||||||||||000|1|swe|\
=020  \\$a9113012606$qib.
=041  1\$hnob
=082  74$a839.823$qNO-OsNB$25/nor
=100  1\$aRenberg, Tore$d1972-$1http://viaf.org/viaf/34565761$4aut$4http://rdaregistry.info/Elements/w/object/P10061
=240  10$aMannen som elsket Yngve$1http://viaf.org/viaf/5930152502773210800007
=245  10$aMannen som älskade Yngve$cTore Renberg ; översättning Peter Törnqvist
=246  1\$aMannen som elsket Yngve$iOriginaltittel
=260  \\$a[Stockholm]$bNorstedt$c2004
=300  \\$a393 s.
=336  \\$atext$2rdacontent$0http://rdaregistry.info/termList/RDAContentType/1020
=337  \\$aunmediated$2rdamedia$0http://rdaregistry.info/termList/RDAMediaType/1007
=338  \\$avolume$2rdacarrier$0http://rdaregistry.info/termList/RDACarrierType/1049
=700  1\$aTörnqvist, Peter$d1963-$1http://viaf.org/viaf/133302399$4trl$4http://rdaregistry.info/Elements/e/object/P20037

