=LDR  01131caa a2200229 c 4500
=001  990417479254702202
=005  20230531150605.0
=007  ta
=008  050105s2004\\\\no\c|||e|\\\\|000|0|nob|#
=082  74$a791.437$25/nor$qNO-OsNB
=100  1\$aRenberg, Tore$d1972-$1http://viaf.org/viaf/34565761$4aut$4http://rdaregistry.info/Elements/w/object/P10061
=240  10$aChampange eller heroin :$bfortellinger om et filmmanus$1http://viaf.org/viaf/34565761/Champange/heroin/filmmanus
=245  10$aChampagne eller heroin :$bfortellingen om et filmmanus$cav Tore Renberg
=260  \\$c2004
=300  \\$aS. 42-[45]$bport.
=336  \\$atext$2rdacontent$0http://rdaregistry.info/termList/RDAContentType/1020
=337  \\$aunmediated$2rdamedia$0http://rdaregistry.info/termList/RDAMediaType/1007
=338  \\$avolume$2rdacarrier$0http://rdaregistry.info/termList/RDACarrierType/1049
=600  17$aRenberg, Tore$d1972-$2bare$1http://viaf.org/viaf/34565761
=600  17$aRygh, Tore$d1968-$2bare$1http://viaf.org/viaf/274985165
=630  07$aAlt for Egil$gfilm$2bare
=773  0\$tRushprint$dOslo : Rush-print$g39(2004)nr 4$x1501-2174$w998320833054702201

