=LDR  00848cam a2200205 c 4500
=001  991422080864702202
=005  20230601054340.0
=007  ta
=008  150115s2014\\\\no#|||||||||||000|f|nob|\
=020  \\$a9788249514021$qh.$cNkr 149.00
=082  74$a839.823$qNO-OsNB$25/nor
=100  1\$aRenberg, Tore$d1972-$1http://viaf.org/viaf/34565761$4aut$4http://rdaregistry.info/Elements/w/object/P10061
=240  10$aVi sees i morgen$1http://viaf.org/viaf/759154501936239210001
=245  10$aVi ses i morgen :$broman$cTore Renberg
=260  \\$aOslo$bOktober$c2014
=300  \\$a603 s.
=336  \\$atext$2rdacontent$0http://rdaregistry.info/termList/RDAContentType/1020
=337  \\$aunmediated$2rdamedia$0http://rdaregistry.info/termList/RDAMediaType/1007
=338  \\$avolume$2rdacarrier$0http://rdaregistry.info/termList/RDACarrierType/1049
=500  \\$a1. utg. 2013

